<record><leader>00000cas a22000007a 4500</leader><controlfield tag="001">10828253</controlfield><controlfield tag="008">840611d18841923nhudn ne      0    0eng  </controlfield><datafield ind1=" " ind2=" " tag="010"><subfield code="a">sn 84020470 </subfield></datafield><datafield ind1=" " ind2=" " tag="040"><subfield code="a">DLC</subfield><subfield code="b">eng</subfield><subfield code="c">DLC</subfield><subfield code="d">OCL</subfield><subfield code="d">NVH</subfield><subfield code="d">DLC</subfield></datafield><datafield ind1=" " ind2=" " tag="042"><subfield code="a">msc</subfield></datafield><datafield ind1="0" ind2="0" tag="050"><subfield code="a">Newspaper</subfield></datafield><datafield ind1="0" ind2="0" tag="245"><subfield code="a">Concord evening monitor.</subfield></datafield><datafield ind1=" " ind2=" " tag="260"><subfield code="a">Concord, N.H. :</subfield><subfield code="b">Republican Press Assoc.,</subfield></datafield><datafield ind1=" " ind2=" " tag="300"><subfield code="a">v.</subfield></datafield><datafield ind1=" " ind2=" " tag="310"><subfield code="a">Daily (except Sun.)</subfield></datafield><datafield ind1="0" ind2=" " tag="362"><subfield code="a">Vol. 39, no. 6101 (Mar. 15, 1884)-v. 118, no. 49 (Feb. 28, 1923).</subfield></datafield><datafield ind1=" " ind2=" " tag="580"><subfield code="a">Weekly ed.: Independent statesman (Concord, N.H.).</subfield></datafield><datafield ind1="1" ind2=" " tag="775"><subfield code="t">Independent statesman (Concord, N.H.)</subfield><subfield code="x">2576-0467</subfield><subfield code="w">(DLC)sn 84022957</subfield><subfield code="w">(OCoLC)10681792</subfield></datafield><datafield ind1="0" ind2="0" tag="780"><subfield code="t">Concord daily monitor (Concord, N.H. : 1864)</subfield><subfield code="w">(DLC)sn 84022955</subfield></datafield><datafield ind1="0" ind2="7" tag="785"><subfield code="t">Concord evening patriot</subfield><subfield code="w">(DLC)sn 91063062</subfield></datafield><datafield ind1="0" ind2="7" tag="785"><subfield code="t">Concord daily monitor and New Hampshire patriot</subfield><subfield code="w">(DLC)sn 84020469</subfield></datafield><datafield ind1="1" ind2=" " tag="029"><subfield code="a">AU@</subfield><subfield code="b">000025810749</subfield></datafield></record>